@article{ crispdm:schorer,
    title = {A Systematic Literature Review on Applying CRISP-DM Process Model},
    journal = {Procedia Computer Science},
    volume = {181},
    pages = {526-534},
    year = {2021},
    note = {CENTERIS 2020 - International Conference on ENTERprise Information Systems / ProjMAN 2020 - International Conference on Project MANagement / HCist 2020 - International Conference on Health and Social Care Information Systems and Technologies 2020, CENTERIS/ProjMAN/HCist 2020},
    issn = {1877-0509},
    doi = {https://doi.org/10.1016/j.procs.2021.01.199},
    url = {https://www.sciencedirect.com/science/article/pii/S1877050921002416},
    author = {Christoph Schröer and Felix Kruse and Jorge Marx Gómez},
    keywords = {CRISP-DM, Literature Review, Data Mining, Process Methodology, Deployment},
    abstract = {CRISP-DM is the de-facto standard and an industry-independent process model for applying data mining projects. Twenty years after its release in 2000, we would like to provide a systematic literature review of recent studies published in IEEE, ScienceDirect and ACM about data mining use cases applying CRISP-DM. We give an overview of the research focus, current methodologies, best practices and possible gaps in conducting the six phases of CRISP-DM. The main findings are that CRISP-DM is still a de-factor standard in data mining, but there are challenges since the most studies do not foresee a deployment phase. The contribution of our paper is to identify best practices and process phases in which data mining analysts can be better supported. Further contribution is a template for structuring and releasing CRISP-DM studies.}
}

@article{ crispdm:azevedo,
  title={KDD, SEMMA and CRISP-DM: a parallel overview},
  author={Azevedo, Ana and Santos, Manuel Filipe},
  journal={IADS-DM},
  year={2008}
}

@article{crispdm:niaksu,
  title={CRISP data mining methodology extension for medical domain},
  author={Niaksu, Olegas},
  journal={Baltic Journal of Modern Computing},
  volume={3},
  number={2},
  pages={92},
  year={2015},
  publisher={University of Latvia}
}

@misc{crispdm:flujo,
	title = {What is {CRISP} {DM}? - {Data} {Science} {Process} {Alliance}},
	url = {https://www.datascience-pm.com/crisp-dm-2/},
	urldate = {2023-02-01},
	file = {What is CRISP DM? - Data Science Process Alliance:C\:\\Users\\samue\\Zotero\\storage\\RSICEVQD\\crisp-dm-2.html:text/html},
  howpublished={\url{https://www.datascience-pm.com/crisp-dm-2/}},
  note={Consultado 1 de febrero, 2023}
}

@article{exp:euclidea,
  title={Euclidean distance mapping},
  author={Danielsson, Per-Erik},
  journal={Computer Graphics and image processing},
  volume={14},
  number={3},
  pages={227--248},
  year={1980},
  publisher={Elsevier}
}


@misc{plan:nomina,
	title = {Simuladores en {Consultoría} {Laboral}},
	url = {https://www.consultorialaboral.es/index.php?page=simuladores&loc=nomina&sub=},
	urldate = {2023-06-09},
  howpublished={\url{https://www.consultorialaboral.es/index.php?page=simuladores&loc=nomina&sub=}},
  note={Consultado 9 de junio, 2023}
}

@article{ahorro,
  title={Frequency of evidence-based screening for retinopathy in type 1 diabetes},
  author={DCCT/EDIC Research Group},
  journal={New England Journal of Medicine},
  volume={376},
  number={16},
  pages={1507--1516},
  year={2017},
  publisher={Mass Medical Soc}
}

@misc{ccommons,
	title = {Creative {Commons} — {CC0} 1.0 {Universal}},
	url = {https://creativecommons.org/publicdomain/zero/1.0/},
	urldate = {2023-06-09},
	file = {Creative Commons — CC0 1.0 Universal:C\:\\Users\\samue\\Zotero\\storage\\FT3YDPY8\\1.0.html:text/html},
  howpublished={\url{https://creativecommons.org/publicdomain/zero/1.0/}},
  note={Consultado 9 de junio, 2023}
}

@article{RGPD:BOE,
  title={Reglamento (UE) 2016/679 del Parlamento Europeo y del Consejo, del 27 de abril de 2016, relativo a la protecci{\'o}n de las personas f{\'\i}sicas en lo que respecta al tratamiento de datos personales ya la libre circulaci{\'o}n de estos datos y por el que se deroga la directiva 95/46/CE (Reglamento general de protecci{\'o}n de datos)(texto pertinente a efectos del EEE)},
  author={de Datos, Reglamento General de Protecci{\'o}n},
  journal={Diario Oficial de la Uni{\'o}n Europea, serie L},
  number={119},
  pages={4},
  year={2016}
}

@misc{datos:kaggle,
    author = {Emma Dugas Jared and Jorge Will Cukierski},
    title = {Diabetic Retinopathy Detection},
    publisher = {Kaggle},
    year = {2015},
    url = {https://kaggle.com/competitions/diabetic-retinopathy-detection},
  howpublished={\url{https://kaggle.com/competitions/diabetic-retinopathy-detection}},
  note={Consultado 5 de mayo, 2023}
}

@article{datos:deepid,
title = {DeepDRiD: Diabetic Retinopathy—Grading and Image Quality Estimation Challenge},
journal = {Patterns},
pages = {100512},
year = {2022},
issn = {2666-3899},
doi = {https://doi.org/10.1016/j.patter.2022.100512},
url = {https://www.sciencedirect.com/science/article/pii/S2666389922001040},
author = {Ruhan Liu and Xiangning Wang and Qiang Wu and Ling Dai and Xi Fang and Tao Yan and Jaemin Son and Shiqi Tang and Jiang Li and Zijian Gao and Adrian Galdran and J.M. Poorneshwaran and Hao Liu and Jie Wang and Yerui Chen and Prasanna Porwal and Gavin Siew {Wei Tan} and Xiaokang Yang and Chao Dai and Haitao Song and Mingang Chen and Huating Li and Weiping Jia and Dinggang Shen and Bin Sheng and Ping Zhang},
keywords = {diabetic retinopathy, screening, deep learning, artificial intelligence, challenge, retinal image, image quality analysis, ultra-widefield, fundus image},
}

@article{datos:zenodo,
  title={Dataset from fundus images for the study of diabetic retinopathy.},
  author={Castillo, Veronica Elisa and Castro Matto, Ingrid and Mello Rom{\'a}n, Julio C{\'e}sar and V{\'a}zquez Noguera, Jos{\'e} Luis and Garc{\'\i}a Torres, Miguel and Ayala, Jordan and Pinto, Diego Pedro and Gardel, Pedro Esteban and Facon, Jacques and Grillo, Sebastian Alberto and others},
  year={2021}
}

@article{datos:EMD,
  title={Diabetic macular edema},
  author={Musat, Ovidiu and Cernat, Corina and Labib, Mahdi and Gheorghe, Andreea and Toma, Oana and Zamfir, Madalina and Boureanu, Ana Maria},
  journal={Romanian journal of ophthalmology},
  volume={59},
  number={3},
  pages={133},
  year={2015},
  publisher={Romanian Society of Ophthalmology}
}

@misc{licenc:python,
	title = {History and {License} — {Python} 3.9.16 documentation},
	url = {https://docs.python.org/3.9/license.html},
	urldate = {2023-06-10},
	file = {History and License — Python 3.9.16 documentation:C\:\\Users\\samue\\Zotero\\storage\\K7M2USAD\\license.html:text/html},
  howpublished={\url{https://docs.python.org/3.9/license.html}},
  note={Consultado 9 de junio, 2023}
}

@misc{licenc:pytorch,
	title = {pytorch/{LICENSE} at main · pytorch/pytorch · {GitHub}},
	url = {https://github.com/pytorch/pytorch/blob/main/LICENSE},
	urldate = {2023-06-10},
  howpublished={\url{https://github.com/pytorch/pytorch/blob/main/LICENSE}},
  note={Consultado 9 de junio, 2023}
}

@misc{licenc:latex,
	title = {The {LaTeX} project public license},
	url = {https://www.latex-project.org/lppl/},
	urldate = {2023-06-10},
	file = {The LaTeX project public license:C\:\\Users\\samue\\Zotero\\storage\\P2Q9C9UZ\\lppl.html:text/html},
  howpublished={\url{https://www.latex-project.org/lppl/}},
  note={Consultado 9 de junio, 2023}
}

@inproceedings{CNNarch:Ghosh,
  title={Automatic detection and classification of diabetic retinopathy stages using CNN},
  author={Ghosh, Ratul and Ghosh, Kuntal and Maitra, Sanjit},
  booktitle={2017 4th International Conference on Signal Processing and Integrated Networks (SPIN)},
  pages={550--554},
  year={2017},
  organization={IEEE}
}

@inproceedings{CNNarch:Mobeen,
  title={Classification of diabetic retinopathy images based on customised CNN architecture},
  author={Khan, Sharzil Haris and Abbas, Zeeshan and Rizvi, SM Danish and others},
  booktitle={2019 Amity International conference on artificial intelligence (AICAI)},
  pages={244--248},
  year={2019},
  organization={IEEE}
}

@article{CNNarch:Rajagopalan,
  title={Diagnosis of retinal disorders from Optical Coherence Tomography images using CNN},
  author={Rajagopalan, Nithya and Josephraj, Alex Noel and E, Srithaladevi},
  journal={Plos one},
  volume={16},
  number={7},
  pages={e0254180},
  year={2021},
  publisher={Public Library of Science San Francisco, CA USA}
}

@article{CNNarch:Alqudah,
  title={AOCT-NET: a convolutional network automated classification of multiclass retinal diseases using spectral-domain optical coherence tomography images},
  author={Alqudah, Ali Mohammad},
  journal={Medical \& biological engineering \& computing},
  volume={58},
  pages={41--53},
  year={2020},
  publisher={Springer}
}

@book{deepl:compvision,
  title={Deep Learning for Computer Vision: Expert techniques to train advanced neural networks using TensorFlow and Keras},
  author={Shanmugamani, Rajalingappaa},
  year={2018},
  publisher={Packt Publishing Ltd}
}

@book{cnn:biblia_deeplearning,
  title={Deep learning},
  author={Goodfellow, Ian and Bengio, Yoshua and Courville, Aaron},
  year={2016},
  publisher={MIT press}
}

@misc{rsync,
	title = {Transferencia de datos {\textbar} {Documentación} {SCAYLE}},
	url = {https://www.scayle.es/manual/es/hpc/transferencia-de-datos},
	urldate = {2023-06-06},
	file = {Transferencia de datos | Documentación SCAYLE:C\:\\Users\\samue\\Zotero\\storage\\RRRKHJ85\\transferencia-de-datos.html:text/html},
 howpublished={\url{https://www.scayle.es/manual/es/hpc/transferencia-de-datos}},
  note={Consultado 6 de junio, 2023}
}

@inproceedings{datasets:euclidea,
  title={Machine learning in DNA microarray analysis for cancer classification},
  author={Cho, Sung-Bae and Won, Hong-Hee},
  booktitle={Proceedings of the First Asia-Pacific Bioinformatics Conference on Bioinformatics 2003-Volume 19},
  pages={189--198},
  year={2003}
}

@inproceedings{datasets:large_deep,
  title={Going deeper with convolutions},
  author={Szegedy, Christian and Liu, Wei and Jia, Yangqing and Sermanet, Pierre and Reed, Scott and Anguelov, Dragomir and Erhan, Dumitru and Vanhoucke, Vincent and Rabinovich, Andrew},
  booktitle={Proceedings of the IEEE conference on computer vision and pattern recognition},
  pages={1--9},
  year={2015}
}

@article{datasets:very_deep,
  title={Very deep convolutional networks for large-scale image recognition},
  author={Simonyan, Karen and Zisserman, Andrew},
  journal={arXiv preprint arXiv:1409.1556},
  year={2014}
}

@misc{scayle:cascadelake,
	title = {Infraestructura {\textbar} {Documentación} {SCAYLE}},
	url = {https://www.scayle.es/manual/es/hpc/infraestructura},
	urldate = {2023-06-11},
 howpublished={\url{https://www.scayle.es/manual/es/hpc/infraestructura}},
  note={Consultado 10 de junio, 2023}
}

@misc{sklearn:balacc,
	title = {3.3. {Metrics} and scoring: quantifying the quality of predictions — scikit-learn 1.2.2 documentation},
	url = {https://scikit-learn.org/stable/modules/model_evaluation.html#balanced-accuracy-score},
	urldate = {2023-06-11},
 howpublished={\url{https://scikit-learn.org/stable/modules/model_evaluation.html#balanced-accuracy-score}},
  note={Consultado 10 de junio, 2023}
}

@misc{sklearn:fscore,
	title = {3.3. {Metrics} and scoring: quantifying the quality of predictions — scikit-learn 1.2.2 documentation},
	url = {https://scikit-learn.org/stable/modules/model_evaluation.html#balanced-accuracy-score},
	urldate = {2023-06-11},
 howpublished={\url{https://scikit-learn.org/stable/modules/model_evaluation.html#precision-recall-f-measure-metrics}},
  note={Consultado 10 de junio, 2023}
}

@misc{sklearn:auc,
	title = {3.3. {Metrics} and scoring: quantifying the quality of predictions — scikit-learn 1.2.2 documentation},
	url = {https://scikit-learn.org/stable/modules/model_evaluation.html#balanced-accuracy-score},
	urldate = {2023-06-11},
 howpublished={\url{https://scikit-learn.org/stable/modules/model_evaluation.html#roc-metrics}},
  note={Consultado 10 de junio, 2023}
}

@misc{sklearn:kappa,
	title = {3.3. {Metrics} and scoring: quantifying the quality of predictions — scikit-learn 1.2.2 documentation},
	url = {https://scikit-learn.org/stable/modules/model_evaluation.html#balanced-accuracy-score},
	urldate = {2023-06-11},
 howpublished={\url{https://scikit-learn.org/stable/modules/model_evaluation.html#cohen-kappa}},
  note={Consultado 10 de junio, 2023}
}



@inproceedings{metrics:inbal,
  title={Facing imbalanced data--recommendations for the use of performance metrics},
  author={Jeni, L{\'a}szl{\'o} A and Cohn, Jeffrey F and De La Torre, Fernando},
  booktitle={2013 Humaine association conference on affective computing and intelligent interaction},
  pages={245--251},
  year={2013},
  organization={IEEE}
}


